%% This BibTeX bibliography file was created using BibDesk.
%% https://bibdesk.sourceforge.io/

%% Saved with string encoding Unicode (UTF-8) 

@article{fefferman2016testing,
  title={Testing the manifold hypothesis},
  author={Fefferman, Charles and Mitter, Sanjoy and Narayanan, Hariharan},
  journal={Journal of the American Mathematical Society},
  volume={29},
  number={4},
  pages={983--1049},
  year={2016}
}

@article{ishida2015cosmoabc,
  title={Cosmoabc: likelihood-free inference via population Monte Carlo approximate Bayesian computation},
  author={Ishida, Emille EO and Vitenti, Sandro DP and Penna-Lima, Mariana and Cisewski, Jessi and de Souza, Rafael S and Trindade, Arlindo MM and Cameron, Ewan and Busti, Vinicius C and COIN collaboration and others},
  journal={Astronomy and Computing},
  volume={13},
  pages={1--11},
  year={2015},
  publisher={Elsevier}
}

@article{simola2021adaptive,
  title={Adaptive approximate Bayesian computation tolerance selection},
  author={Simola, Umberto and Cisewski-Kehe, Jessi and Gutmann, Michael U and Corander, Jukka},
  journal={Bayesian analysis},
  volume={16},
  number={2},
  pages={397--423},
  year={2021},
  publisher={International Society for Bayesian Analysis}
}

@article{marin2012approximate,
  title={Approximate Bayesian computational methods},
  author={Marin, Jean-Michel and Pudlo, Pierre and Robert, Christian P and Ryder, Robin J},
  journal={Statistics and computing},
  volume={22},
  number={6},
  pages={1167--1180},
  year={2012},
  publisher={Springer}
}

@article{li2023ti,
  title={Ti-mae: Self-supervised masked time series autoencoders},
  author={Li, Zhe and Rao, Zhongwen and Pan, Lujia and Wang, Pengyun and Xu, Zenglin},
  journal={arXiv preprint arXiv:2301.08871},
  year={2023}
}

@article{cheng2023timemae,
  title={Timemae: Self-supervised representations of time series with decoupled masked autoencoders},
  author={Cheng, Mingyue and Liu, Qi and Liu, Zhiding and Zhang, Hao and Zhang, Rujiao and Chen, Enhong},
  journal={arXiv preprint arXiv:2303.00320},
  year={2023}
}

@article{yao2022masked,
  title={Masked contrastive representation learning},
  author={Yao, Yuchong and Desai, Nandakishor and Palaniswami, Marimuthu},
  journal={arXiv preprint arXiv:2211.06012},
  year={2022}
}

@inproceedings{higgins2017beta,
  title={beta-vae: Learning basic visual concepts with a constrained variational framework},
  author={Higgins, Irina and Matthey, Loic and Pal, Arka and Burgess, Christopher and Glorot, Xavier and Botvinick, Matthew and Mohamed, Shakir and Lerchner, Alexander},
  booktitle={International conference on learning representations},
  year={2017}
}

@article{prangle2017adapting,
  title={Adapting the ABC distance function},
  author={Prangle, Dennis},
  year={2017}
}

@article{aakesson2021convolutional,
  title={Convolutional neural networks as summary statistics for approximate Bayesian computation},
  author={{\AA}kesson, Mattias and Singh, Prashant and Wrede, Fredrik and Hellander, Andreas},
  journal={IEEE/ACM Transactions on Computational Biology and Bioinformatics},
  volume={19},
  number={6},
  pages={3353--3365},
  year={2021},
  publisher={IEEE}
}

@article{dosovitskiy2020image,
  title={An image is worth 16x16 words: Transformers for image recognition at scale},
  author={Dosovitskiy, Alexey and Beyer, Lucas and Kolesnikov, Alexander and Weissenborn, Dirk and Zhai, Xiaohua and Unterthiner, Thomas and Dehghani, Mostafa and Minderer, Matthias and Heigold, Georg and Gelly, Sylvain and others},
  journal={arXiv preprint arXiv:2010.11929},
  year={2020}
}

@misc{kingma2013auto,
  title={Auto-encoding variational bayes},
  author={Kingma, Diederik P and Welling, Max and others},
  year={2013},
  publisher={Banff, Canada}
}

@article{li2301ti,
  title={Ti-mae: Self-supervised masked time series autoencoders. arXiv 2023},
  author={Li, Z and Rao, Z and Pan, L and Wang, P and Xu, Z},
  journal={arXiv preprint arXiv:2301.08871}
}

@article{jordan1999introduction,
  title={An introduction to variational methods for graphical models},
  author={Jordan, Michael I and Ghahramani, Zoubin and Jaakkola, Tommi S and Saul, Lawrence K},
  journal={Machine learning},
  volume={37},
  pages={183--233},
  year={1999},
  publisher={Springer}
}

@article{dinh2024approximate,
  title={Approximate Bayesian Computation sequential Monte Carlo via random forests},
  author={Dinh, Khanh N and Xiang, Zijin and Liu, Zhihan and Tavar{\'e}, Simon},
  journal={arXiv preprint arXiv:2406.15865},
  year={2024}
}

@article{verheijen2020fate,
  title={Fate mapping quantifies the dynamics of B cell development and activation throughout life},
  author={Verheijen, Melissa and Rane, Sanket and Pearson, Claire and Yates, Andrew J and Seddon, Benedict},
  journal={Cell reports},
  volume={33},
  number={7},
  year={2020},
  publisher={Elsevier}
}

@inproceedings{he2022masked,
  title={Masked autoencoders are scalable vision learners},
  author={He, Kaiming and Chen, Xinlei and Xie, Saining and Li, Yanghao and Doll{\'a}r, Piotr and Girshick, Ross},
  booktitle={Proceedings of the IEEE/CVF conference on computer vision and pattern recognition},
  pages={16000--16009},
  year={2022}
}

@article{balestriero2023cookbook,
  title={A cookbook of self-supervised learning},
  author={Balestriero, Randall and Ibrahim, Mark and Sobal, Vlad and Morcos, Ari and Shekhar, Shashank and Goldstein, Tom and Bordes, Florian and Bardes, Adrien and Mialon, Gregoire and Tian, Yuandong and others},
  journal={arXiv preprint arXiv:2304.12210},
  year={2023}
}

@inproceedings{devlin2019bert,
  title={Bert: Pre-training of deep bidirectional transformers for language understanding},
  author={Devlin, Jacob and Chang, Ming-Wei and Lee, Kenton and Toutanova, Kristina},
  booktitle={Proceedings of the 2019 conference of the North American chapter of the association for computational linguistics: human language technologies, volume 1 (long and short papers)},
  pages={4171--4186},
  year={2019}
}

@article{tavare1997inferring,
  title={Inferring coalescence times from DNA sequence data},
  author={Tavar{\'e}, Simon and Balding, David J and Griffiths, Robert C and Donnelly, Peter},
  journal={Genetics},
  volume={145},
  number={2},
  pages={505--518},
  year={1997},
  publisher={Oxford University Press}
}

@article{marjoram2003markov,
  title={Markov chain Monte Carlo without likelihoods},
  author={Marjoram, Paul and Molitor, John and Plagnol, Vincent and Tavar{\'e}, Simon},
  journal={Proceedings of the National Academy of Sciences},
  volume={100},
  number={26},
  pages={15324--15328},
  year={2003},
  publisher={National Academy of Sciences}
}

@article{robert2008adaptivity,
  title={Adaptivity for ABC algorithms: the ABC-PMC scheme},
  author={Robert, Christian P and Beaumont, Mark A and Marin, Jean-Michel and Cornuet, Jean-Marie},
  journal={arXiv preprint arXiv:0805.2256},
  year={2008},
  publisher={Citeseer}
}

@book{lotka1925elements,
  title={Elements of physical biology},
  author={Lotka, Alfred James},
  year={1925},
  publisher={Williams \& Wilkins}
}

@article{volterra1928variations,
  title={Variations and fluctuations of the number of individuals in animal species living together},
  author={Volterra, Vito},
  journal={ICES Journal of Marine Science},
  volume={3},
  number={1},
  pages={3--51},
  year={1928},
  publisher={Oxford University Press}
}

@article{toni2009approximate,
  title={Approximate Bayesian computation scheme for parameter inference and model selection in dynamical systems},
  author={Toni, Tina and Welch, David and Strelkowa, Natalja and Ipsen, Andreas and Stumpf, Michael PH},
  journal={Journal of the Royal Society Interface},
  volume={6},
  number={31},
  pages={187--202},
  year={2009},
  publisher={The Royal Society London}
}

@article{kermack1927contribution,
  title={A contribution to the mathematical theory of epidemics},
  author={Kermack, William Ogilvy and McKendrick, Anderson G},
  journal={Proceedings of the Royal Society of London. Series A, Containing Papers of a Mathematical and Physical Character},
  volume={115},
  number={772},
  pages={700--721},
  year={1927},
  publisher={The Royal Society London}
}

@article{gillespie1977exact,
  title={Exact stochastic simulation of coupled chemical reactions},
  author={Gillespie, Daniel T},
  journal={The journal of physical chemistry},
  volume={81},
  number={25},
  pages={2340--2361},
  year={1977},
  publisher={ACS Publications}
}

@article{zhang2019bertscore,
  title={Bertscore: Evaluating text generation with bert},
  author={Zhang, Tianyi and Kishore, Varsha and Wu, Felix and Weinberger, Kilian Q and Artzi, Yoav},
  journal={arXiv preprint arXiv:1904.09675},
  year={2019}
}

@article{Blei_2017,
  author = {Blei, David M. and Kucukelbir, Alp and McAuliffe, Jon D.},
  doi = {10.1080/01621459.2017.1285773},
  issn = {1537-274X},
  journal = {Journal of the American Statistical Association},
  month = apr,
  number = {518},
  pages = {859--877},
  publisher = {Informa UK Limited},
  title = {Variational Inference: A Review for Statisticians},
  url = {http://dx.doi.org/10.1080/01621459.2017.1285773},
  volume = {112},
  year = {2017},
  bdsk-url-1 = {http://dx.doi.org/10.1080/01621459.2017.1285773}
}
